@article{dijkstra1959note,
  title={A note on two problems in connexion with graphs},
  author={Dijkstra, Edsger W},
  journal={Numerische mathematik},
  volume={1},
  number={1},
  pages={269--271},
  year={1959},
  publisher={Springer}
}

@article{hoare1962quicksort,
  title={Quicksort},
  author={Hoare, Charles AR},
  journal={The Computer Journal},
  volume={5},
  number={1},
  pages={10--16},
  year={1962},
  publisher={Br Computer Soc}
}

@article{knuth1973vol,
  title={Vol. 1: Fundamental Algorithms},
  author={Knuth, DE},
  journal={World},
  year={1973},
  publisher={Reading [etc.]: Addison-Wesley}
}